% This file was created with JabRef 2.9.2.
% Encoding: Cp1252

@article{cea2012bathymetric,
  keywords = {practical1},
  title={Bathymetric error estimation for the calibration and validation of estuarine hydrodynamic models},
  author={Cea, L and French, JR},
  journal={Estuarine, Coastal and Shelf Science},
  volume={100},
  pages={124--132},
  year={2012},
  publisher={Elsevier}
}

@article{french2010critical,
  keywords = {practical1},
  title={Critical perspectives on the evaluation and optimization of complex numerical models of estuary hydrodynamics and sediment dynamics},
  author={French, JR},
  journal={Earth Surface Processes and Landforms},
  volume={35},
  number={2},
  pages={174--189},
  year={2010},
  publisher={John Wiley \& Sons, Ltd.}
}

@article{lane2007assessment,
  keywords = {practical1},
  title={Assessment of rainfall-runoff models based upon wavelet analysis},
  author={Lane, Stuart N},
  journal={Hydrological Processes},
  volume={21},
  number={5},
  pages={586--607},
  year={2007},
  publisher={Wiley Online Library}
}

@article{sutherland2004evaluating,
  keywords = {practical1},
  title={Evaluating the performance of morphological models},
  author={Sutherland, J and Peet, AH and Soulsby, RLj},
  journal={Coastal engineering},
  volume={51},
  number={8},
  pages={917--939},
  year={2004},
  publisher={Elsevier}
}

@article{henriksen2008assessment,
  keywords = {practical1},
  title={Assessment of exploitable groundwater resources of Denmark by use of ensemble resource indicators and a numerical groundwater--surface water model},
  author={Henriksen, Hans J{\o}rgen and Troldborg, Lars and H{\o}jberg, Anker Lajer and Refsgaard, Jens Christian},
  journal={Journal of hydrology},
  volume={348},
  number={1},
  pages={224--240},
  year={2008},
  publisher={Elsevier}
}

@book{hearn2008dynamics,
  keywords = {practical1},
  title={The dynamics of coastal models},
  author={Hearn, Clifford J},
  year={2008},
  publisher={Cambridge University Press}
}

@article{thompson2004simulation,
  keywords = {practical2},
  title={Simulation of wetland water-level manipulation using coupled hydrological/hydraulic modeling},
  author={Thompson, JR},
  journal={Physical Geography},
  volume={25},
  number={1},
  pages={39--67},
  year={2004},
  publisher={Bellwether Publishing}
}

@article{refshaard1995mike,
  keywords = {practical2},
  title={MIKE SHE.},
  author={Refshaard, JC and Storm, B and Singh, VP and others},
  journal={Computer models of watershed hydrology.},
  pages={809--846},
  year={1995},
  publisher={Water Resources Publications}
}

@article{havno1995mike,
  keywords = {practical2},
  title={MIKE 11-a generalized river modelling package.},
  author={Havn{\o}, K and Madsen, MN and D{\o}rge, J and Singh, VP and others},
  journal={Computer models of watershed hydrology.},
  pages={733--782},
  year={1995},
  publisher={Water Resources Publications}
}

